@phdthesis{baerlocher:2001,
  author = {Paolo Baerlocher},
  title = {Inverse kinematics techniques of the interactive posture control of articulated figures},
  school = {Ecole Polytechnique F\'ed\'erale de Lausanne ({EPFL})},
  address = {Switzerland},
  note = {No.\ 2383},
  year = 2001
}

@phdthesis{brock:1999,
  author = {Oliver Brock},
  title = {Generation of Robot Motion: Integrating Planning and Execution},
  school = {Stanford University},
  address = {California, USA},
  year = 1999
}

@article{chiaverini:1997,
  author = {Stefano Chiaverini},
  title = {Singularity-Robust Task-Priority Redundancy Resolution for Real-Time Kinematic Control of Robot Manipulators},
  journal = {{IEEE} Trans.\ Robotics and Automation},
  year = 1997,
  month = jun,
  volume = 13,
  number = 3,
  pages = {398-410}
}

@inproceedings{kalakrishnan:2011,
  author = {Mrinal Kalakrishnan and Sachin Chitta and Evangelos Theodorou and Peter Pastor and Stefan Schaal},
  title = {{STOMP}: Stochastic Trajectory Optimization for Motion Planning},
  booktitle = {Proc.\ Int.\ Conf.\ Robotics and Automation ({ICRA})},
  year = 2011
}

@inproceedings{mistry:2007,
  author = {Michael Mistry and Jun Nakanishi and Stefan Schaal},
  title = {Task Space Control with Prioritization for Balance and Locomotion},
  booktitle = {Proc.\ Int.\ Conf.\ Intelligent Robots and Systems ({IROS})},
  year = 2007
}

@phdthesis{quinlan:1994,
  author = {Sean Quinlan},
  title = {Real-Time Modification of Collision-Free Paths},
  school = {Stanford University},
  address = {California, USA},
  year = 1994
}

@inproceedings{ratliff:2009,
  author = {Nathan Ratliff and Matt Zucker and J. Andrew Bagnell and Siddhartha Srinivasa},
  title = {{CHOMP}: Gradient Optimization Techniques for Efficient Motion Planning},
  booktitle = {Proc.\ Int.\ Conf.\ Robotics and Automation ({ICRA})},
  year = 2009
}

@inproceedings{siciliano:1991,
  author = {Bruno Siciliano and Jean-Jacques Slotine},
  title = {A general framework for managing multiple tasks in highly redundant robotic systems},
  booktitle = {Proc.\ Int.\ Conf.\ Advanced Robotics ({ICAR})},
  address = {Pisa, Italy},
  year = 1991
}
